@techreport{label1,
    author      = "Edgar Xavier Ample",
    title       = "Foo",
    institution = "Foxford University",
    year        = "3000"
}

@misc{label2,
    author          = {{Mathias Ose}},
    title           = "ma.thiaso.se",
    year            = "2014",
    howpublished    = "\url{http://ma.thiaso.se/}"
}

@misc{label3,
	author = "Jeff Johnson",
	title = "fpgadeveloper",
	year = "2018",
	howpublished = "\url{www.fpgadeveloper.com}"
	
}

%* [Jeff Johnson's FPGA blog](www.fpgadeveloper.com)
%* [User manuals for 7 Series Memory Support](https://www.xilinx.com/support/documentation/ip_documentation/ug586_7Series_MIS.pdf)
%* [Multi-port Memory Controller](https://www.xilinx.com/support/documentation/application_notes/xapp1164.pdf)
%* [AXI4-Lite Manual](https://static.docs.arm.com/dui0534/b/DUI0534B_amba_4_axi4_protocol_assertions_ug.pdf)
%* [March Test Reference](http://www.ee.ncu.edu.tw/~jfli/memtest/lecture/ch03.pdf)
% \verb|ref: https://github.com/KastnerRG/riffa/tree/master/driver/linux |
% AaLRM : Aa Language Reference Manual
